@manual{dtxgen,
  title={dtxgen: generate template for LaTeX self-extracting .dtx file},
  author={Dekker, Wybo H.},
  edition={v1.07},
  URL={https://www.ctan.org/pkg/dtxgen},
}
@manual{makefiles,
  title={Make-ing life easy: A general makefile framwork},
  author={Daniel Bosk},
  edition={v2.0},
  URL={https://github.com/dbosk/makefiles/releases/tag/v2.0},
}
